% Ejemplo de articulo
@article{Xarticle,
    author    = {{Daphne Koller}and{Mehran Sahami}},
    title     = {Hierarchically classifying documents using very few words},
    journal   = "",
    volume   = "",
    number   = "",
    pages    = "",
    year      = "",
    month    = "",
    note     = "",
language={spanish}}

@article{brewer,
    author    = {{Seth Gilbert}and{Nancy Lynch}},
    title     = {Brewer's Conjeture and the Feasibility of  Consistent, Available, Partition-Tolerant Web Services},
    journal   = "",
    volume   = "",
    number   = "",
    pages    = "",
    year      = "2002",
    month    = "",
    note     = "",
language={spanish}}

@article{untangling,
    author    = {{Marti A. Hearst }},
    title     = {Untangling Text Data Mining},
    journal   = {ACL '99 Proceedings of the 37th annual meeting of the Association for Computational Linguistics on Computational Linguistics},
    volume   = "",
    number   = "",
    pages    = "",
    year      = "1999",
    month    = "",
    note     = "",
language={spanish}}

%Ejemplo de libro

@book{
	txtMiningGaryMiner,
    author    = {{Gary Miner} and {John Elder} and {Andrew Fast} and {Thomas Hill} and {Robert Nisbet} and {Dursun Delen}},
    title     = "Practical Text Mining and Statistical Analysis for Non-structured Text Data Applications",
    publisher = "Academic Press",
    year      = "2012",
	language  = {spanish}
    }


@book{tmhandbook,
    author    = {{James Sanger}},
    title     = "The Text Mining Handbook: Advanced Approaches in Analyzing Unstructured Data",
    publisher = "Ronen Feldman",
    year      = "2002",
	language  = {spanish}
    }

@book{informationretrieval,
    author    = {{Christopher D. Manning} and {Prabhakar Raghavan} and {Hinrich Schütze}},
    title     = "Introduction to information retrieval",
    publisher = "Cambridge University Press",
    year      = "2008",
	language  = {spanish}
    }

@book{webmining,
    author    = {{Bing Liu}},
    title     = "Web Data Mining
Exploring Hyperlinks, Contents,
and Usage Data",
    publisher = "Springer",
    volume   = "",
    number   = "",
    series   = "",
    address  = "",
    edition  = "segunda",
    year      = "2011",
    month    = "",
    note     = "",
language={spanish}}
@book{minwebSoumen,
    author    = {{Soumen Chakrabarti}},
    title     = "Mining the Web: Discovering Knowledge from Hypertext Data",
    publisher = "Morgan Kaufmann Publishers",
    volume   = "",
    number   = "",
    series   = "",
    address  = "",
    edition  = "primera",
    year      = "2003",
    month    = "",
    note     = "",
language={spanish}}


@book{25-josemy,
    author    = {{James Gosling} and {Bill Joy} and {Guy Steele}and
{Gilad Bracha} and
{Alex Buckley}},
    title     = "The Java language specification",
    publisher = " Addison-Wesley Professional",
    volume   = "",
    number   = "",
    series   = "",
    address  = "",
    edition  = "",
    year      = "2000",
    month    = "",
    note     = "",
language={spanish}}


@book{6-josemy,
    author    = {{Naphtali Rishe}},
    title     = "Database Design: The Semantic Modeling Approach.School of Computer
Science",
    publisher = "McGraw-Hill",
    volume   = "",
    number   = "",
    series   = "",
    address  = "",
    edition  = "primera",
    year      = "1992",
    month    = "",
    note     = "",
language={spanish}}

@book{dataglossary,
    author    = {{Pete Warden}},
    title     = "Big Data Glossary",
    publisher = "O’Reilly Media",
    volume   = "",
    number   = "",
    series   = "",
    address  = "",
    edition  = "primera",
    year      = "2011",
    month    = "",
    note     = "",
language={spanish}}

@book{webscrapLawson,
    author    = {{Richard Lawson}},
    title     = "Web Scraping with Python",
    publisher = "Packt Publishing Ltd.",
    volume   = "",
    number   = "",
    series   = "",
    address  = "",
    edition  = "primera",
    year      = "2015",
    month    = "",
    note     = "",
language={spanish}}

@book{54,
    author    = {{Pérez López} and {Santín González}},
    title     = "Minería de datos",
    publisher = "Paraninfo",
    volume   = "",
    number   = "",
    series   = "",
    address  = "",
    edition  = "",
    year      ="2007",
    month    = "",
    note     = "",
language={spanish}}

@book{chapman2000crisp,
  title={CRISP-DM 1.0: Step-by-step Data Mining Guide},
  author={Chapman, P.},
  year={2000},
  publisher={SPSS},
  language={spanish},
}

%Ejemplo de un libreto
@booklet{Xbooklet,
    author   = "",
    title     = "",
    howpublished   = "",
    address  = "",
    year      = "",
    month    = "",
    note     = "",
language={spanish}}

%Ejemplo de una conferencia
@conference{Xconference,
    author    = "",
    title     = "",
    booktitle = "",
    editor   = "",
    volume   = "",
    number   = "",
    series   = "",
    pages    = "",
    address  = "",
    year      = "",
    month    = "",
    publisher= "",
    note     = "",
language={spanish}}

%ejemplo de inbook
@inbook{Xinbook,
	author	= "",
	editor	= "",
	title	= "",
	chapter	= "",
	pages	= "",
	publisher= "",
	volume	= "",
	number	= "",
	series	= "",
	type	= "",
	address= "",
	edition= "",
	year	= "",
	month	= "",
	note	= "",
language={spanish}}

%Ejemplo de incollection
@incollection{crawlingwebPant,
	author	= {{Gautam Pant} and {Padmini Srinivasan} and {Filippo Menczer}},
	title	= "Crawling the Web",
	booktitle= "Web Dynamics",
	publisher= "Springer",
	editor	= "Mark Levene,Alex Poulovassilis",
	volume	= "",
	number	= "",
	series	= "",
	type	= "Print",
	chapter= "",
	pages	= "153-177",
	address= "",
	edition= "primera",
	year	= "2004",
	month	= "",
	note	= "",
	language = "spanish",
}

@incollection{scientometrics,
	author	= {{Antal van den Bosch} and {Toine Bogers} and {Maurice de Kunde}},
	title	= "Estimating search engine index size variability: a 9-year longitudinal study",
	booktitle= "Scientometrics",
	publisher= "Springer",
	editor	= "",
	volume	= "",
	number	= "",
	series	= "",
	type	= "",
	chapter= "",
	pages	= "839–856",
	address= "",
	edition= "",
	year	= "2016",
	month	= "",
	note	= "",
	language = "spanish",
}

@incollection{26-josemy,
	author	= {{Sanner M. F. }},
	title	= "Python: a programming language for software integration and
development",
	booktitle= "J Mol Graph Model",
	publisher= "",
	editor	= "",
	volume	= "",
	number	= "",
	series	= "",
	type	= "",
	chapter= "",
	pages	= "57–61",
	address= "",
	edition= "",
	year	= "1999",
	month	= "",
	note	= "",
	language = "spanish",
}

@incollection{dimilter,
	author	= {Elena Bolshakova},
	title	= "PROGRAMMING PARADIGMS IN COMPUTER SCIENCE EDUCATION",
	booktitle= {International Journal "Information Theories \& Applications"},
	publisher= "",
	editor	= "",
	volume	= "12",
	number	= "",
	series	= "",
	type	= "",
	chapter= "",
	pages	= "285–290",
	address= "",
	edition= "",
	year	= "2005",
	month	= "",
	note	= "",
	language = "spanish",
}

%Ejemplo de inproceedings
@inproceedings{Xinproceedings,
	author		= "",
	title		= "",
	booktitle	= "",
	editor		= "",
	volume		= "",
	number		= "",
	series		= "",
	pages		= "",
	address	= "",
	organization	= "",
	publisher	= "",
	year		= "",
	month		= "",
	note		= "",
language={spanish}}

%Ejemplo de manual
@manual{Xmanual,
	title		= "",
	author		= "",
	organization	= "",
	address	= "",
	edition	= "",
	year		= "",
	month		= "",
	note		= "",
language={spanish}}

%Ejemplo de tesis de maestría
@mastersthesis{crawlingwebCho,
    author    = {{Junghoo Cho}},
    title     = "Crawling The Web: Discovery And Maintenance Of Large-Scale Web Data",
    school    = "The Department of Computer Science of Stanford University",
    type     = "Tesis PhD",
    address  = "",
    year      = "2001",
    month    = "",
    note     = "",
language={spanish}}

%Ejemplo de una miscelanea
@misc{Xmisc,
    author    = "",
    title     = "",
    howpublished = "",
    year     = "",
    month    = "",
    note     = "",
language={spanish}}

%Ejemplo de tesis de PHD
@phdthesis{Xphdthesis,
	author		= "",
	title		= "",
	school		= "",
	address	= "",
	year		= "",
	month		= "",
	keywords	= "",
	note		= "",
language={spanish}}

%Ejemplo de proccedings
@proceedings{Xproceedings,
	title		= "",
	editor		= "",
	volume		= "",
	number		= "",
	series		= "",
	address	= "",
	organization	= "",
	publisher	= "",
	year		= "",
	month		= "",
	note		= "",
language={spanish}}

%Ejemplo de un reporte tecnologico
@techreport{Xtreport,
    author    = "",
    title     = "",
    institution = "",
    type     = "",
    number   = "",
    address  = "",
    year      = "",
    month    = "",
    note     = "",
language={spanish}}

%Ejemplo de un sin publicar
@unpublished{Xunpublished,
	author	= "",
	title	= "",
	year	= "",
	month	= "",
	note	= "",
language={spanish}}
%White paper
@TECHREPORT{foundationalmet,
  AUTHOR =        {{John B. Rollins}},
  TITLE =         {White paper: Foundational Methodology for Data Science},
  NUMBER =        {IMW14828-USEN-00},
  INSTITUTION =   {IBM Analytics},
  ADDRESS =       {Somers, NY 10589},
  ABSTRACT =      {},
  KEYWORDS =      {},
  NOTE =          {},
  MONTH =         {Junio},
  YEAR  =         {2015},
  AUTHOR1_URL =   {},
  AUTHOR1_EMAIL = {},
  AUTHOR1_URL =   {},
  AUTHOR1_EMAIL = {},
  AUTHOR2_URL =   {},
  AUTHOR2_EMAIL = {},
  AUTHOR2_URL =   {},
  AUTHOR2_EMAIL = {},
  PAGES =         {6},
  FILE  =         {},
  URL   =         {http://www-01.ibm.com/common/ssi/cgi-bin/ssialias?htmlfid=IMW14824USEN},
  CONTACT =       {},
  language ={spanish},
}

@misc{worldwidewebsize,
  author = {{Mauricen de Kunder}},
  title = {The size of the World Wide Web (The Internet)},
  year = {},
  url = {http://www.worldwidewebsize.com/},
  urldate = {14/11/2016},
  language ={spanish}
}





@misc{horyarn,
  author = {{Arun Murthy}},
  title = {APACHE HADOOP YARN – CONCEPTS AND APPLICATIONS},
  year = {},
  url = {https://es.hortonworks.com/blog/apache-hadoop-yarn-concepts-and-applications/},
  urldate = {14/05/2017},
  language ={spanish}
}

@misc{yarn,
  author = {{Apache Software Foundation}},
  title = {Apache Hadoop YARN},
  year = {},
  url = {http://hadoop.apache.org/docs/current/hadoop-yarn/hadoop-yarn-site/YARN.html},
  urldate = {14/05/2017},
  language ={spanish}
}

@misc{horhdfs,
  author = {{Hortonworks Inc}},
  title = {APACHE HADOOP HDFS},
  year = {},
  url = {https://es.hortonworks.com/apache/hdfs/#section_2},
  urldate = {14/05/2017},
  language ={spanish}
}

@misc{quehadoop,
  author = {{IBM}},
  title = {¿Qué es Hadoop?},
  year = {},
  url = {https://www-01.ibm.com/software/ve/data/infosphere/hadoop/que-es.html},
  urldate = {14/05/2017},
  language ={spanish}
}


@misc{spark,
  author = {{Hortonworks Inc}},
  title = {APACHE SPARK},
  year = {},
  url = {https://es.hortonworks.com/apache/spark/},
  urldate = {14/05/2017},
  language ={spanish}
}












@misc{intelbigdatacloud,
  author = {{Intel IT Center}},
  title = {Big Data in the Cloud: Converging Technologies },
  year = {2015},
  url = {http://www.intel.com/content/dam/www/public/us/en/documents/product-briefs/big-data-cloud-technologies-brief.pdf},
  urldate = {15/11/2016},
  language ={spanish}
}
@misc{1rouse,
  author = {Margaret Rouse},
  title = {Data Science},
  year = {2015},
  url = {http://searchcio.techtarget.com/definition/data-science},
  urldate = {20/11/2016},
  language ={spanish}
}
@misc{2whatisdatasc,
  author = {},
  institution={New York University},
  title = {What is Data Science},
  year = {},
  url = {http://datascience.nyu.edu/what-is-data-science/},
  urldate = {20/11/2016},
  language ={spanish}
}
@misc{5pellicer,
  author = {Pablo Pellicer},
  institution={},
  title = {Qué es y cómo convertirte en un científico de datos},
  year = {2015},
  url = {http://www.emagister.com/blog/que-es-y-como-convertirte-en-un-cientifico-de-datos/ },
  urldate = {20/11/2016},
  language ={spanish}
}
@misc{3carbo,
  author = {Jordi Carbó},
  institution={},
  title = {La Ciencia de Datos},
  year = {2016},
  url = {http://www.bigbangdatablog.com/?p=65},
  urldate = {20/11/2016},
  language ={spanish}
}
@misc{4uespana,
  author = {{Universia España}},
  institution={},
  title = {El Científico de datos: una novedosa y necesaria profesión},
  year = {2014},
  url = {http://noticias.universia.es/ciencia-nn-tt/noticia/2014/05/06/1095994/cientifico-datos-novedosa-necesaria-profesion.html},
  urldate = {20/11/2016},
  language ={spanish}
}
@misc{7sasinc,
  author = {{SAS Intitute Inc.}},
  institution={},
  title = {What is Big Data?},
  year = {},
  url = {http://www.sas.com/en_us/insights/big-data/what-is-big-data.html},
  urldate = {20/11/2016},
  language ={spanish}
}
@misc{8gartner,
  author = {{Gartner Inc.}},
  institution={},
  title = {What Is Big Data? - Gartner IT Glossary - Big Data},
  year = {2012},
  url = {http://www.gartner.com/it-glossary/big-data/ },
  urldate = {20/11/2016},
  language ={spanish}
}
@misc{9ibm,
  author = {{IBM}},
  institution={},
  title = {IBM Grandes volúmenes de datos},
  year = {},
  url = {http://www-03.ibm.com/software/products/es/category/bigdata#products},
  urldate = {20/11/2016},
  language ={spanish}
}
@misc{13bernard,
  author = {Bernard Marr},
  institution={IBM},
  title = {Why only one of the 5 Vs of big data really matters.},
  year = {2015},
  url = {http://blogs.gartner.com/doug-laney/files/2012/01/ad949-3D-Data-Management-Controlling-Data-Volume-Velocity-and-Variety.pdf},
  urldate = {20/11/2016},
  language ={spanish}
}
@TECHREPORT{10laney,
  AUTHOR =        {Doug Laney},
  TITLE =         {Application Delivery Strategies},
  NUMBER =        {},
  INSTITUTION =   {META Group},
  ADDRESS =       {},
  ABSTRACT =      {},
  KEYWORDS =      {},
  NOTE =          {},
  MONTH =         {February},
  YEAR  =         {2001},
  AUTHOR1_URL =   {},
  AUTHOR1_EMAIL = {},
  AUTHOR1_URL =   {},
  AUTHOR1_EMAIL = {},
  AUTHOR2_URL =   {},
  AUTHOR2_EMAIL = {},
  AUTHOR2_URL =   {},
  AUTHOR2_EMAIL = {},
  PAGES =         {6},
  FILE  =         {},
  URL   =         {http://blogs.gartner.com/doug-laney/files/2012/01/ad949-3D-Data-Management-Controlling-Data-Volume-Velocity-and-Variety.pdf },
  CONTACT =       {},
  language ={spanish},
}

@misc{11pragsis,
  author = {{Pragsis Bidoop}},
  institution={},
  title = {Tecnología Big Data},
  year = {},
  url = {http://www.pragsis.com/tecnologia},
  urldate = {20/11/2016},
  language ={spanish}
}

@misc{16,
  author = {Bill Vorhies},
  institution={},
  title = {How Many ``V's'' in Big Data? The Characteristics that Define Big Data},
  year = {2014},
  url = {http://www.datasciencecentral.com/profiles/blogs/how-many-v-s-in-big-data-the-characteristics-that-define-big-data},
  urldate = {20/11/2016},
  language ={spanish}
}

@misc{15,
  author = {Eileen McNulty},
  institution={},
  title = {Understanding Big Data: The Seven V's - Dataconomy},
  year = {2014},
  url = {http://dataconomy.com/seven-vs-big-data},
  urldate = {20/11/2016},
  language ={spanish}
}
@misc{17,
  author = {Ngrain},
  institution={},
  title = {3 reasons why “visualization” is the biggest “V” for big data},
  year = {},
  url = {http://www.ngrain.com/3-reasons-why-visualization-is-the-biggest-v-for-big-data/ },
  urldate = {20/11/2016},
  language ={spanish}
}

@misc{14,
  author = {Kevin Normandeau},
  institution={},
  title = {Big data volume, variety, velocity and veracity},
  year = {2013},
  url = {http://insidebigdata.com/2013/09/12/beyond-volume-variety-velocity-issue-big-data-veracity/},
  urldate = {20/11/2016},
  language ={spanish}
}
@misc{18,
  author = {Seth Grimes},
  institution={},
  title = {Big Data: Avoid 'Wanna V' Confusion},
  year = {2013},
  url = {http://www.informationweek.com/big-data/big-data-analytics/big-data-avoid-wanna-v-confusion/d/d-id/1111077?},
  urldate = {20/11/2016},
  language ={spanish}
}
@misc{19,
  author = { Neil Biehn},
  institution={},
  title = {The Missing V’s in Big Data: Viability and Value.},
  year = {},
  url = {http://www.wired.com/insights/2013/05/the-missing-vs-in-big-data-viability-and-value/},
  urldate = {20/11/2016},
  language ={spanish}
}

@misc{scala,
  author = {Martin Odersky and Philippe Altherr, Vincent Cremet and Gilles Dubochet and Burak Emir, Philipp Haller and Stéphane Micheloud and Nikolay Mihaylov and Adriaan Moors and Lukas Rytz and Michel Schinz and Erik Stenman and Matthias Zenger},
  institution={},
  title = {Scala Language Specification},
  year = {},
  url = {https://www.scala-lang.org/files/archive/spec/2.11/},
  urldate = {20/11/2016},
  language ={spanish}
}

@misc{scala2,
  author = {Martin Odersky},
  institution={},
  title = {What is Scala?},
  year = {},
  url = {https://www.scala-lang.org/what-is-scala.html},
  urldate = {20/11/2016},
  language ={spanish}
}

@misc{neo4j,
  author = {Neo4j},
  institution={},
  title = {Why Graph Databases?},
  year = {},
  url = {https://neo4j.com/why-graph-databases/},
  urldate = {26/11/2016},
  language ={spanish}
}

@misc{columnardb,
  author = {Alex Weber},
  institution={},
  title = {What’s Unique About a Columnar Database?},
  year = {2015},
  url = {https://www.flydata.com/blog/whats-unique-about-a-columnar-database},
  urldate = {26/11/2016},
  language ={spanish}
}

@misc{technocolumnar,
  author = { {Techopedia Inc.}},
  institution={},
  title = { Columnar Database },
  year = {},
  url = {https://www.techopedia.com/definition/13782/columnar-database},
  urldate = {26/11/2016},
  language ={spanish}
}

@misc{capt,
  author = { {Julian Browne}},
  institution={},
  title = { Brewer's CAP Theorem },
  year = {2009},
  url = {http://www.julianbrowne.com/article/viewer/brewers-cap-theorem},
  urldate = {26/11/2016},
  language ={spanish}
}


@misc{orcman,
  author = { Oracle},
  institution={},
  title = { A Relational Database Overview },
  year = {},
  url = {https://docs.oracle.com/javase/tutorial/jdbc/overview/database.html},
  urldate = {26/11/2016},
  language ={spanish}
}

@misc{25-carrejo,
  author = {  Margaret Rouse},
  institution={},
  title = { Base de datos relacional },
  year = {2015},
  url = {http://searchdatacenter.techtarget.com/es/definicion/Base-de-datos-relacional},
  urldate = {26/11/2016},
  language ={spanish}
}

@TECHREPORT{11-josemy,
  AUTHOR =        {},
  TITLE =         {Bases de datos NoSQL.Qué son y tipos que nos podemos encontrar},
  NUMBER =        {},
  INSTITUTION =   {acens Telefonica},
  ADDRESS =       {},
  ABSTRACT =      {},
  KEYWORDS =      {},
  NOTE =          {},
  MONTH =         {},
  YEAR  =         {2014},
  AUTHOR1_URL =   {},
  AUTHOR1_EMAIL = {},
  AUTHOR1_URL =   {},
  AUTHOR1_EMAIL = {},
  AUTHOR2_URL =   {},
  AUTHOR2_EMAIL = {},
  AUTHOR2_URL =   {},
  AUTHOR2_EMAIL = {},
  PAGES =         {6},
  FILE  =         {},
  URL   =         {https://www.acens.com/wp-content/images/2014/02/bbdd-nosql-wp-acens.pdf},
  CONTACT =       {},
  language ={spanish},
}

@misc{acidbase,
  author = {Charles Roe},
  institution={},
  title = { ACID vs. BASE: The Shifting pH of Database Transaction Processing},
  year = {2012},
  url = {http://www.dataversity.net/acid-vs-base-the-shifting-ph-of-database-transaction-processing/
},
  urldate = {26/11/2016},
  language ={spanish}
}

@article{sprock,
    author    = {{Antonio Sprock}},
    title     = {Entendiendo el movimiento NoSQL (Not Only SQL)},
    journal   = "",
    volume   = "",
    number   = "",
    pages    = "",
    year      = "2015",
    month    = "",
    note     = "",
language={spanish}}


@misc{manualacumulo,
  author = {{Apache Accumulo}},
  institution={},
  title = { Apache Accumulo User Manual Version 1.8},
  year = {2016},
  url = {https://accumulo.apache.org/1.8/accumulo_user_manual.html},
  urldate = {26/11/2016},
  language ={spanish}
}


@misc{13,
  author = {{Hortonworks Inc.}},
  institution={},
  title = { Apache Accumulo},
  year = {2015},
  url = {http://hortonworks.com/hadoop/accumulo/},
  urldate = {26/11/2016},
  language ={spanish}
}

@misc{mongo,
  author = {{MongoDB Inc.}},
  institution={},
  title = {Reinventando la gestión de datos},
  year = {},
  url = {https://www.mongodb.com/es},
  urldate = {26/11/2016},
  language ={spanish}
}



@book{louden-josemi20,
    author    = {{Kenneth Louden} and {Kenneth Lambert}},
    title     = "Programming Languages: Principles and Practices",
    publisher = "Cengage",
    volume   = "",
    number   = "",
    series   = "",
    address  = "",
    edition  = "tercera",
    year      = "2012",
    month    = "",
    note     = "",
language={spanish}}



@misc{80,
  author = {{Sara Alvarez}},
  institution={},
  title = {Tipos de lenguajes de programación},
  year = {2006},
  url = {http://www.desarrolloweb.com/articulos/2358.php},
  urldate = {26/11/2016},
  language ={spanish}
}

@misc{81,
  author = {CCM},
  institution={},
  title = {Lenguajes de programación},
  year = {},
  url = {http://es.ccm.net/contents/304-lenguajes-de-programacion},
  urldate = {26/11/2016},
  language ={spanish}
}

@misc{rproject,
  author = {{The R Foundation}},
  institution={},
  title = {What is R?},
  year = {},
  url = {https://www.r-project.org/about.html},
  urldate = {26/11/2016},
  language ={spanish}
}

@misc{24-josemy,
  author = {{The R Core Team}},
  institution={},
  title = {R: A Language and Environment for Statistical Computing},
  year = {2016},
  url = {ftp://cran.r-project.org/pub/R/doc/manuals/r-devel/fullrefman.pdf},
  urldate = {26/11/2016},
  language ={spanish}
}

@misc{28-josemy,
  author = {{Emmanuel Paradis}},
  institution={},
  title = {R para Principiantes},
  year = {2003},
  url = {ftp://cran.r-project.org/pub/R/doc/contrib/rdebuts_es.pdf},
  urldate = {26/11/2016},
  language ={spanish}
}


@misc{27-josemy,
  author = {{Python}},
  institution={},
  title = {What is Python? Executive Summary},
  year = {},
  url = {https://www.python.org/doc/essays/blurb/},
  urldate = {26/11/2016},
  language ={spanish}
}

@misc{47dd,
  author = {{Innowiki}},
  institution={},
  title = {Computación distribuida},
  year = {},
  url = {http://185.5.126.23/innowiki/index.php/Computaci%C3%B3n_distribuida},
  urldate = {10/06/2017},
  language ={spanish}
}

@misc{46dd,
  author = {{Ecured}},
  institution={},
  title = {Computación distribuida},
  year = {},
  url = {http://www.ecured.cu/Computaci%C3%B3n_distribuida},
  urldate = {10/06/2017},
  language ={spanish}
}

@misc{48dd,
  author = {{Luis Castro}},
  institution={},
  title = {¿Qué es escalabilidad?},
  year = {},
  url = {http://aprenderinternet.about.com/od/ConceptosBasico/g/Escalabilidad.htm#},
  urldate = {10/06/2017},
  language ={spanish}
}

@misc{49dd,
  author = {{Msdn Microsoft}},
  institution={},
  title = {Información general sobre escalabilidad},
  year = {},
  url = {https://msdn.microsoft.com/es-es/library/aa292203(v=vs.71).aspx},
  urldate = {10/06/2017},
  language ={spanish}
}

@book{50dd,
    author    = {{Benjamín Domínguez Hernández}},
    title     = "COMPUTACIÓN DISTRIBUIDA: GRID COMPUTING",
    publisher = "Universidad de San Carlos de Guatemala",
    volume   = "",
    number   = "",
    series   = "",
    address  = "",
    edition  = "primera",
    year      = "2005",
    month    = "",
    note     = "",
language={spanish}}

@misc{51dd,
  author = {{Aquino Bolivia}},
  institution={},
  title = {DISEÑO DE BASE DE DATOS DISTRIBUIDA},
  year = {},
  url = {https://lihectortorres.files.wordpress.com/2010/09/base_de_datos_distribuidas.pdf},
  urldate = {10/06/2017},
  language ={spanish}
}
/%-----------------------------------no estandares--------------------------------
